<record><leader>00000cas a22000007a 4500</leader><controlfield tag="001">29177686</controlfield><controlfield tag="008">931022d19031904okuwr ne      0    0eng d</controlfield><datafield ind1=" " ind2=" " tag="010"><subfield code="a">sn 93066177 </subfield></datafield><datafield ind1=" " ind2=" " tag="040"><subfield code="a">OBN</subfield><subfield code="b">eng</subfield><subfield code="c">OBN</subfield><subfield code="d">OCL</subfield><subfield code="d">OCLCQ</subfield></datafield><datafield ind1=" " ind2=" " tag="042"><subfield code="a">msc</subfield></datafield><datafield ind1="0" ind2=" " tag="130"><subfield code="a">Western star (Cheyenne, Okla.)</subfield></datafield><datafield ind1="1" ind2="4" tag="245"><subfield code="a">The Western star.</subfield></datafield><datafield ind1=" " ind2=" " tag="260"><subfield code="a">Sayre, Okla. :</subfield><subfield code="b">C.C. Pritchard</subfield></datafield><datafield ind1=" " ind2=" " tag="300"><subfield code="a">v.</subfield></datafield><datafield ind1=" " ind2=" " tag="310"><subfield code="a">Weekly</subfield></datafield><datafield ind1="0" ind2=" " tag="362"><subfield code="a">Vol. 2, no. 51 (July 24, 1903)-</subfield></datafield><datafield ind1="1" ind2=" " tag="362"><subfield code="a">Ceased in 1904.</subfield></datafield><datafield ind1=" " ind2=" " tag="500"><subfield code="a">Published in: Sayre, Okla. July 24, 1903-Sept. 11, 1903, Cheyenne, Okla. Spet. 17, 1903-Apr. 14, 1904.</subfield></datafield><datafield ind1=" " ind2="4" tag="651"><subfield code="a">Cheyenne (Okla.)</subfield><subfield code="v">Newspapers.</subfield></datafield><datafield ind1=" " ind2="4" tag="651"><subfield code="a">Sayre (Okla.)</subfield><subfield code="v">Newspapers.</subfield></datafield><datafield ind1=" " ind2="4" tag="651"><subfield code="a">Roger Mills County (Okla.)</subfield><subfield code="v">Newspapers.</subfield></datafield><datafield ind1=" " ind2=" " tag="752"><subfield code="a">United States</subfield><subfield code="b">Oklahoma</subfield><subfield code="c">Roger Mills</subfield><subfield code="d">Cheyenne.</subfield></datafield><datafield ind1=" " ind2=" " tag="752"><subfield code="a">United States</subfield><subfield code="b">Oklahoma</subfield><subfield code="c">Beckham</subfield><subfield code="d">Sayre.</subfield></datafield><datafield ind1="0" ind2="0" tag="780"><subfield code="t">Sayre enterprise</subfield></datafield><datafield ind1="0" ind2="0" tag="785"><subfield code="t">Cheyenne star (Cheyenne, Okla. : 1904)</subfield><subfield code="w">(DLC)sn 93066178</subfield><subfield code="w">(OCoLC)29177784</subfield></datafield><datafield ind1="1" ind2=" " tag="029"><subfield code="a">AU@</subfield><subfield code="b">000022801861</subfield></datafield></record>